@ONLINE {1BeardMan,
    author = "Clip art Library",
    title  = "Bearded Man Silhouette",
    url    = "http://clipart-library.com/clip-art/bearded-man-silhouette-16.htm"
}
 @ONLINE {2FLratio,
    author = "Juan Diego Rodríguez",
    title  = "Baye's Theorem: Simple but powerful framework for reasoning",
    url    = "https://juandiegorr.com/blog/introduction-to-bayes-theorem/"
}
@article{Wasserman,
  title={Bayesian Model Selection and Model Averaging},
  author={Larry Wasserman},
   doi = {:10.1006jmps.1999.1278},
   Journal = {Journal of Mathematical Psychology},
  pages={92-107},
  year={2000}
}
@article{Vehtari,
  title={Comparison of Bayesian predictive methods for model selection},
  author={Juho Piironen, Aki Vehtari},
   doi = { 10.1007/s11222-016-9649-y},
   Journal = {Statistics and Computing},
  pages={711-735},
  year={2017}
}

@ONLINE {Mackay,
    author = "David Mackay",
    title  = "Model Comparison and Occam’s Razor",
    year   = "2003",
    press  = "Cambridge University Press",
    url    = "https://www.cs.princeton.edu/courses/archive/fall09/cos597A/papers/MacKay2003-Ch28.pdf"
}
@article{DavidMackay,
  title={Bayesian Methods for Adaptive Models},
  author={David Mackay},
  journal={California Institute of Technology},
  Chapter = {2},
  pages={9},
  year={1992}
}
@misc{SL1,
  doi = {10.48550/ARXIV.2202.11678},
  
  url = {https://arxiv.org/abs/2202.11678},
  
  author = {Lotfi, Sanae and Izmailov, Pavel and Benton, Gregory and Goldblum, Micah and Wilson, Andrew Gordon},
  
  keywords = {Machine Learning (cs.LG), Machine Learning (stat.ML), FOS: Computer and information sciences, FOS: Computer and information sciences},
  
  title = {Bayesian Model Selection, the Marginal Likelihood, and Generalization},
  
  publisher = {arXiv},
  
  year = {2022},
  Chapter = {Appendix G},
  Pages = {17},
  
  copyright = {arXiv.org perpetual, non-exclusive license}
}

@misc{SL2,
  doi = {10.48550/ARXIV.2202.11678},
  
  url = {https://arxiv.org/abs/2202.11678},
  
  author = {Lotfi, Sanae and Izmailov, Pavel and Benton, Gregory and Goldblum, Micah and Wilson, Andrew Gordon},
  
  keywords = {Machine Learning (cs.LG), Machine Learning (stat.ML), FOS: Computer and information sciences, FOS: Computer and information sciences},
  
  title = {Bayesian Model Selection, the Marginal Likelihood, and Generalization},
  
  publisher = {arXiv},
  
  year = {2022},
  Chapter = {3},
  Pages = {4},
  copyright = {arXiv.org perpetual, non-exclusive license}
}

@misc{SL3,
  doi = {10.48550/ARXIV.2202.11678},
  
  url = {https://arxiv.org/abs/2202.11678},
  
  author = {Lotfi, Sanae and Izmailov, Pavel and Benton, Gregory and Goldblum, Micah and Wilson, Andrew Gordon},
  
  keywords = {Machine Learning (cs.LG), Machine Learning (stat.ML), FOS: Computer and information sciences, FOS: Computer and information sciences},
  
  title = {Bayesian Model Selection, the Marginal Likelihood, and Generalization},
  
  publisher = {arXiv},
  
  year = {2022},
  Chapter = {4},
  Pages = {5},
  
  copyright = {arXiv.org perpetual, non-exclusive license}
}
@misc{SL4,
  doi = {10.48550/ARXIV.2202.11678},
  
  url = {https://arxiv.org/abs/2202.11678},
  
  author = {Lotfi, Sanae and Izmailov, Pavel and Benton, Gregory and Goldblum, Micah and Wilson, Andrew Gordon},
  
  keywords = {Machine Learning (cs.LG), Machine Learning (stat.ML), FOS: Computer and information sciences, FOS: Computer and information sciences},
  
  title = {Bayesian Model Selection, the Marginal Likelihood, and Generalization},
  
  publisher = {arXiv},
  
  year = {2022},
  Chapter = {Marginal Likelihood},
  Pages = {7},
  
  copyright = {arXiv.org perpetual, non-exclusive license}
}
@misc{Gelman,
  doi = {10.48550/ARXIV.1307.5928},
  
  url = {https://arxiv.org/abs/1307.5928},
  
  author = {Gelman, Andrew and Hwang, Jessica and Vehtari, Aki},
  
  keywords = {Methodology (stat.ME), FOS: Computer and information sciences, FOS: Computer and information sciences},
  
  title = {Understanding predictive information criteria for Bayesian models},
  
  publisher = {arXiv},
  
  year = {2013},
  
  copyright = {arXiv.org perpetual, non-exclusive license}
}


@misc{Lofti,
  doi = {10.48550/ARXIV.2202.11678},
  
  url = {https://arxiv.org/abs/2202.11678},
  
  author = {Lotfi, Sanae and Izmailov, Pavel and Benton, Gregory and Goldblum, Micah and Wilson, Andrew Gordon},
  
  keywords = {Machine Learning (cs.LG), Machine Learning (stat.ML), FOS: Computer and information sciences, FOS: Computer and information sciences},
  
  title = {Bayesian Model Selection, the Marginal Likelihood, and Generalization},
  
  publisher = {arXiv},
  
  year = {2022},
  
  copyright = {arXiv.org perpetual, non-exclusive license}
}

 @INBOOK {KahnemanDaniel,
    author    = "Kahneman, Daniel",
    title     = "Thinking, Fast and Slow.",
    publisher = "Farrar, Straus and Giroux",
    year      = "2011",
}
 @INBOOK {ELPD,
    author    = "Bruno Nicenboim, Daniel Schad, and Shravan Vasishth",
    title     = "An Introduction to Bayesian Data Analysis for Cognitive Science",
    chapter   = "16.1 Expected log predictive density of a model",
    publisher = "bookdown",
    year      = "2022",
}
